<record><leader>00000cas a2200000 a 4500</leader><controlfield tag="001">34062795</controlfield><controlfield tag="008">960122d19611971nyuwr ne      0    0eng c</controlfield><datafield ind1=" " ind2=" " tag="010"><subfield code="a">sn 96083560 </subfield></datafield><datafield ind1=" " ind2=" " tag="040"><subfield code="a">NYS</subfield><subfield code="b">eng</subfield><subfield code="c">NYS</subfield><subfield code="d">OCLCQ</subfield><subfield code="d">OCLCO</subfield><subfield code="d">OCLCF</subfield><subfield code="d">OCL</subfield></datafield><datafield ind1=" " ind2=" " tag="042"><subfield code="a">pcc</subfield></datafield><datafield ind1=" " ind2=" " tag="043"><subfield code="a">n-us-ny</subfield></datafield><datafield ind1="0" ind2=" " tag="130"><subfield code="a">Sunday review (Riverhead, N.Y.)</subfield></datafield><datafield ind1="1" ind2="4" tag="245"><subfield code="a">The Sunday review.</subfield></datafield><datafield ind1=" " ind2=" " tag="260"><subfield code="a">Riverhead, N.Y. :</subfield><subfield code="b">News-Review Pub. Co.,</subfield><subfield code="c">1961-1971.</subfield></datafield><datafield ind1=" " ind2=" " tag="300"><subfield code="a">11 v. :</subfield><subfield code="b">ill.</subfield></datafield><datafield ind1=" " ind2=" " tag="310"><subfield code="a">Weekly</subfield></datafield><datafield ind1="0" ind2=" " tag="362"><subfield code="a">Vol. 1, no. 1 (Mar. 19, 1961)-v. 11, no. 34 (Oct. 24, 1971).</subfield></datafield><datafield ind1=" " ind2=" " tag="500"><subfield code="a">"The only Sunday newspaper published in Suffolk County."</subfield></datafield><datafield ind1=" " ind2="0" tag="651"><subfield code="a">Riverhead (N.Y.)</subfield><subfield code="v">Newspapers.</subfield></datafield><datafield ind1=" " ind2="0" tag="651"><subfield code="a">Suffolk County (N.Y.)</subfield><subfield code="v">Newspapers.</subfield></datafield><datafield ind1=" " ind2="7" tag="651"><subfield code="a">New York (State)</subfield><subfield code="z">Riverhead (Town)</subfield><subfield code="2">fast</subfield><subfield code="0">(OCoLC)fst01335006</subfield></datafield><datafield ind1=" " ind2="7" tag="651"><subfield code="a">New York (State)</subfield><subfield code="z">Suffolk County.</subfield><subfield code="2">fast</subfield><subfield code="0">(OCoLC)fst01207260</subfield></datafield><datafield ind1=" " ind2="7" tag="655"><subfield code="a">Newspapers.</subfield><subfield code="2">fast</subfield><subfield code="0">(OCoLC)fst01423814</subfield></datafield><datafield ind1=" " ind2=" " tag="752"><subfield code="a">United States</subfield><subfield code="b">New York</subfield><subfield code="c">Suffolk</subfield><subfield code="d">Riverhead.</subfield></datafield><datafield ind1="0" ind2=" " tag="775"><subfield code="t">News-review (Riverhead, N.Y.)</subfield><subfield code="w">(DLC)sn 84035792</subfield><subfield code="w">(OCoLC)11421657</subfield></datafield><datafield ind1="0" ind2="0" tag="785"><subfield code="t">Riverhead news &amp; county review</subfield><subfield code="w">(DLC)sn 96083559</subfield><subfield code="w">(OCoLC)34139827</subfield></datafield><datafield ind1="1" ind2=" " tag="029"><subfield code="a">AU@</subfield><subfield code="b">000012679682</subfield></datafield></record>